<record><leader>00000cas a22000007  4500</leader><controlfield tag="001">3981512</controlfield><controlfield tag="008">780616c19589999cauwn ne      0   a0eng d</controlfield><datafield ind1=" " ind2=" " tag="010"><subfield code="a">sn 78004803 </subfield></datafield><datafield ind1=" " ind2=" " tag="040"><subfield code="a">MUL</subfield><subfield code="b">eng</subfield><subfield code="c">MUL</subfield><subfield code="d">NSD</subfield><subfield code="d">RCS</subfield><subfield code="d">CNK</subfield><subfield code="d">OCLCQ</subfield><subfield code="d">OCLCF</subfield><subfield code="d">OCLCO</subfield></datafield><datafield ind1=" " ind2=" " tag="012"><subfield code="k">1</subfield><subfield code="m">1</subfield></datafield><datafield ind1="7" ind2=" " tag="016"><subfield code="a">C02280000</subfield><subfield code="2">DNLM</subfield></datafield><datafield ind1="1" ind2=" " tag="022"><subfield code="a">0008-0950</subfield><subfield code="l">0008-0950</subfield><subfield code="2">1</subfield></datafield><datafield ind1="1" ind2=" " tag="029"><subfield code="a">AU@</subfield><subfield code="b">000020418014</subfield></datafield><datafield ind1=" " ind2=" " tag="032"><subfield code="a">083660</subfield><subfield code="b">USPS</subfield></datafield><datafield ind1=" " ind2=" " tag="042"><subfield code="a">nsdp</subfield></datafield><datafield ind1="0" ind2=" " tag="060"><subfield code="a">W1 CA346</subfield></datafield><datafield ind1="0" ind2=" " tag="130"><subfield code="a">California courier (Fresno, Calif.)</subfield></datafield><datafield ind1=" " ind2="4" tag="222"><subfield code="a">The California courier</subfield></datafield><datafield ind1="0" ind2="4" tag="245"><subfield code="a">The California courier.</subfield></datafield><datafield ind1=" " ind2=" " tag="260"><subfield code="a">Fresno, Calif. :</subfield><subfield code="b">G. Mason and R. Cleghorn,</subfield></datafield><datafield ind1=" " ind2=" " tag="300"><subfield code="a">v.</subfield></datafield><datafield ind1=" " ind2=" " tag="310"><subfield code="a">Weekly (except first week in Jan. and July),</subfield><subfield code="b">Jan. 5, 1978</subfield></datafield><datafield ind1=" " ind2=" " tag="321"><subfield code="a">Weekly,</subfield><subfield code="b">Aug. 20, 1958-Dec. 29, 1977</subfield></datafield><datafield ind1="0" ind2=" " tag="362"><subfield code="a">Vol. 1, no. 1 (Aug. 20, 1958)-</subfield></datafield><datafield ind1=" " ind2=" " tag="500"><subfield code="a">Published in Fresno, Calif., Aug. 20, 1958; Fowler, Calif. Aug. 28, 1958-Mar. 15, 1962; Fresno, Calif., Mar. 22, 1962-Nov. 7, 1963; Fowler, Calif., Nov. 14, 1963-Aug. 6, 1964; Fresno, Calif., Aug. 13, 1964-Nov. 19, 1987; Glendale, Calif., Nov. 27, 1987-</subfield></datafield><datafield ind1=" " ind2="0" tag="650"><subfield code="a">Armenian Americans</subfield><subfield code="z">California</subfield><subfield code="v">Newspapers.</subfield></datafield><datafield ind1=" " ind2="0" tag="651"><subfield code="a">Los Angeles County (Calif.)</subfield><subfield code="v">Newspapers.</subfield></datafield><datafield ind1=" " ind2="0" tag="651"><subfield code="a">Fresno County (Calif.)</subfield><subfield code="v">Newspapers.</subfield></datafield><datafield ind1=" " ind2="7" tag="655"><subfield code="a">Newspapers.</subfield><subfield code="2">fast</subfield><subfield code="0">(OCoLC)fst01423814</subfield></datafield><datafield ind1=" " ind2="7" tag="650"><subfield code="a">Armenian Americans.</subfield><subfield code="2">fast</subfield><subfield code="0">(OCoLC)fst00814656</subfield></datafield><datafield ind1=" " ind2="7" tag="651"><subfield code="a">California.</subfield><subfield code="2">fast</subfield><subfield code="0">(OCoLC)fst01204928</subfield></datafield><datafield ind1=" " ind2="7" tag="651"><subfield code="a">California</subfield><subfield code="z">Fresno County.</subfield><subfield code="2">fast</subfield><subfield code="0">(OCoLC)fst01214324</subfield></datafield><datafield ind1=" " ind2="7" tag="651"><subfield code="a">California</subfield><subfield code="z">Los Angeles County.</subfield><subfield code="2">fast</subfield><subfield code="0">(OCoLC)fst01205194</subfield></datafield><datafield ind1=" " ind2=" " tag="752"><subfield code="a">United States</subfield><subfield code="b">California</subfield><subfield code="c">Fresno</subfield><subfield code="d">Fresno.</subfield></datafield><datafield ind1=" " ind2=" " tag="752"><subfield code="a">United States</subfield><subfield code="b">California</subfield><subfield code="c">Los Angeles</subfield><subfield code="d">Glendale.</subfield></datafield><datafield ind1=" " ind2=" " tag="752"><subfield code="a">United States</subfield><subfield code="b">California</subfield><subfield code="c">Fresno</subfield><subfield code="d">Fowler.</subfield></datafield><datafield ind1=" " ind2=" " tag="936"><subfield code="a">unknown</subfield><subfield code="a">INC</subfield><subfield code="a">vol. 24, no. 49, June 24, 1982</subfield></datafield></record>